@book@book{perahia2013next,
  title={Next Generation Wireless LANs: 802.11n and 802.11ac},
  author={Perahia, E. and Stacey, R.},
  isbn={9781107016767},
  lccn={2012033809},
  series={Next Generation Wireless LANs: 802.11n and 802.11ac},
  url={https://books.google.com.br/books?id=hJ1cAwAAQBAJ},
  year={2013},
  publisher={Cambridge University Press}
}


@misc{t2013,
  title={Computer Networks: Pearson New International Edition},
  author={Tanenbaum, AS and Wetherall, DJ},
  year={2013},
  publisher={Pearson custom library. Pearson Education, Limited}
}

@manual{abnt14565,
  title={NBR 14565: Procedimento básico para elaboração de projetos de cabeamento de telecomunicações para rede interna estruturada},
  author={ASSOCIAÇÃO BRASILEIRA DE NORMAS TÉCNICAS},
  year={2000}
}

@manual{abnt5410,
  title={NBR 5410: Instalações elétricas de baixa tensão},
  author={ASSOCIAÇÃO BRASILEIRA DE NORMAS TÉCNICAS},
  year={2004}
}



@article{next,
	title={NEXT (Near-End Crosstalk) Troubleshooting},
	author={Fluke Corporation},
	year={[entre 2006 e 2019]},
	publisher={Fluke Networks},
	url={https://www.flukenetworks.com/knowledge-base/dtx-cableanalyzer/next-near-end-crosstalk-troubleshooting}
}

@article{acr,
	title={Attenuation to Crosstalk Ratio Near-End (ACR-N) - DTX CableAnalyzer},
	author={Fluke Corporation},
	year={[entre 2006 e 2019]},
	publisher={Fluke Networks},
	url={https://www.flukenetworks.com/knowledge-base/dtx-cableanalyzer/attenuation-crosstalk-ratio-near-end-acr-n-dtx-cableanalyzer}
}

@article{understading,
	title={Cable Testing 101: Understanding Near and Far End Crosstalk},
	author={Fluke Corporation},
	year={2016},
	publisher={Fluke Networks},
	url={https://www.flukenetworks.com/blog/cabling-chronicles/cable-testing-101-cross-talk-near-and-far}
}


@book{kurose2010,
	title={Redes de Computadores ea Internet: uma abordagem top-down},
	author={Kurose, James F and Ross, Keith W and Marques, Arlete Simille and Zucchi, Wagner Luiz},
	year={2010},
	publisher={Pearson}
}

@ARTICLE{ref3,
	author={I. F. Akyildiz and A. Lee and P. Wang and M. Luo and W. Chou},
	journal={IEEE Network},
	title={Research challenges for traffic engineering in software defined networks},
	year={2016},
	volume={30},
	number={3},
	pages={52-58},
	keywords={software defined networking;traffic engineering computing;ATM;IP networks;MPLS network;SDN;data forwarding plane;fault tolerance;flow management;novel traffic engineering solutions;software defined networks;topology update;traffic analysis;Computer architecture;Control systems;Load management;Program processors;Quality of service;Resource management;Software defined networks;Traffic control},
	doi={10.1109/MNET.2016.7474344},
	ISSN={0890-8044},
	month={May},}

@article{ref4,
	title={Redes ad hoc m{\'o}veis},
	author={Hoebeke, Jeroen and Moerman, Ingrid and Dhoedt, Bart and Demeester, Piet},
	journal={RTI, Redes, Telecom e Instala{\c{c}}{\~o}es},
	volume={6},
	number={69},
	pages={64--74},
	year={2006}
}
